@article{nairne2008adaptive,
  title={Adaptive memory: The comparative value of survival processing},
  author={Nairne, James S and Pandeirada, Josefa NS and Thompson, Sarah R},
  journal={Psychological Science},
  volume={19},
  number={2},
  pages={176--180},
  year={2008},
  publisher={SAGE Publications Sage CA: Los Angeles, CA}
}